@inproceedings{DBLP:conf/tcc/FrederiksenJNT16,
	author    = {Tore Kasper Frederiksen and
	Thomas P. Jakobsen and
	Jesper Buus Nielsen and
	Roberto Trifiletti},
	title     = {On the Complexity of Additively Homomorphic {UC} Commitments},
	booktitle = {Theory of Cryptography - 13th International Conference, {TCC} 2016-A,
	Tel Aviv, Israel, January 10-13, 2016, Proceedings, Part {I}},
	pages     = {542--565},
	year      = {2016},
	crossref  = {DBLP:conf/tcc/2016a1},
	url       = {http://dx.doi.org/10.1007/978-3-662-49096-9_23},
	doi       = {10.1007/978-3-662-49096-9_23},
	timestamp = {Mon, 04 Jan 2016 11:26:36 +0100},
	biburl    = {http://dblp.uni-trier.de/rec/bib/conf/tcc/FrederiksenJNT16},
	bibsource = {dblp computer science bibliography, http://dblp.org}
}

@proceedings{DBLP:conf/tcc/2016a1,
  editor    = {Eyal Kushilevitz and
               Tal Malkin},
  title     = {Theory of Cryptography - 13th International Conference, {TCC} 2016-A,
               Tel Aviv, Israel, January 10-13, 2016, Proceedings, Part {I}},
  series    = {Lecture Notes in Computer Science},
  volume    = {9562},
  publisher = {Springer},
  year      = {2016},
  url       = {http://dx.doi.org/10.1007/978-3-662-49096-9},
  doi       = {10.1007/978-3-662-49096-9},
  isbn      = {978-3-662-49095-2},
  timestamp = {Mon, 04 Jan 2016 11:23:48 +0100},
  biburl    = {http://dblp.uni-trier.de/rec/bib/conf/tcc/2016a1},
  bibsource = {dblp computer science bibliography, http://dblp.org}
}